@misc{RefWorks:doc:60ae896f8f088588c91881d6,
     author={Kurt NÃ¸rmark},
     year={2011},
     month={May 9,},
     title={Overview of the four main programming paradigms},
     volume={2021},
     number={May 26,},
     url={http://people.cs.aau.dk/~normark/prog3-03/html/notes/paradigms_themes-paradigm-overview-section.html}
} 
